<?xml version="1.0" encoding="UTF-8"?>
  <record xmlns="http://www.loc.gov/MARC21/slim" type="Authority">
    <leader>00000nz  a2200000nc 4500</leader>
    <controlfield tag="001">102537798</controlfield>
    <controlfield tag="003">DE-101</controlfield>
    <controlfield tag="005">20220511003035.0</controlfield>
    <controlfield tag="008">940913n||aznnnaabn           | aaa    |c</controlfield>
    <datafield tag="024" ind1="7" ind2=" ">
      <subfield code="a">102537798</subfield>
      <subfield code="0">http://d-nb.info/gnd/102537798</subfield>
      <subfield code="2">gnd</subfield>
    </datafield>
    <datafield tag="035" ind1=" " ind2=" ">
      <subfield code="a">(DE-101)102537798</subfield>
    </datafield>
    <datafield tag="035" ind1=" " ind2=" ">
      <subfield code="a">(DE-588)102537798</subfield>
    </datafield>
    <datafield tag="035" ind1=" " ind2=" ">
      <subfield code="z">(DE-588a)102537798</subfield>
      <subfield code="9">v:zg</subfield>
    </datafield>
    <datafield tag="040" ind1=" " ind2=" ">
      <subfield code="a">DE-12</subfield>
      <subfield code="c">DE-12</subfield>
      <subfield code="9">r:DE-12</subfield>
      <subfield code="b">ger</subfield>
      <subfield code="d">9999</subfield>
    </datafield>
    <datafield tag="042" ind1=" " ind2=" ">
      <subfield code="a">gnd1</subfield>
    </datafield>
    <datafield tag="075" ind1=" " ind2=" ">
      <subfield code="b">p</subfield>
      <subfield code="2">gndgen</subfield>
    </datafield>
    <datafield tag="075" ind1=" " ind2=" ">
      <subfield code="b">piz</subfield>
      <subfield code="2">gndspec</subfield>
    </datafield>
    <datafield tag="079" ind1=" " ind2=" ">
      <subfield code="a">g</subfield>
      <subfield code="q">a</subfield>
      <subfield code="q">f</subfield>
      <subfield code="u">v</subfield>
    </datafield>
    <datafield tag="100" ind1="1" ind2=" ">
      <subfield code="a">Schönburg, Otto Wilhelm &#152;von&#156;</subfield>
      <subfield code="d">1587-1617</subfield>
    </datafield>
    <datafield tag="400" ind1="1" ind2=" ">
      <subfield code="a">Schönburgk, Otto Wilhelm &#152;von&#156;</subfield>
      <subfield code="d">1587-1617</subfield>
    </datafield>
    <datafield tag="400" ind1="1" ind2=" ">
      <subfield code="a">Schönburg-Glauchau-Waldenburg, Otto Wilhelm &#152;von&#156;</subfield>
      <subfield code="d">1587-1617</subfield>
    </datafield>
    <datafield tag="400" ind1="1" ind2=" ">
      <subfield code="a">Schönburg zu Glauchau und Waldenburg, Otto Wilhelm &#152;von&#156;</subfield>
      <subfield code="d">1587-1617</subfield>
    </datafield>
    <datafield tag="400" ind1="1" ind2=" ">
      <subfield code="a">Schönburgk zu Glauchaw und Waldenburgk, Otto Wilhelm &#152;von&#156;</subfield>
      <subfield code="d">1587-1617</subfield>
    </datafield>
    <datafield tag="500" ind1="1" ind2=" ">
      <subfield code="0">(DE-101)118200720</subfield>
      <subfield code="0">(DE-588)118200720</subfield>
      <subfield code="0">https://d-nb.info/gnd/118200720</subfield>
      <subfield code="a">Schönburg, Wolf Ernst &#152;von&#156;</subfield>
      <subfield code="d">1582-1623</subfield>
      <subfield code="4">bezf</subfield>
      <subfield code="4">https://d-nb.info/standards/elementset/gnd#familialRelationship</subfield>
      <subfield code="w">r</subfield>
      <subfield code="i">Beziehung familiaer</subfield>
      <subfield code="e">Beziehung familiaer</subfield>
    </datafield>
    <datafield tag="500" ind1="1" ind2=" ">
      <subfield code="0">(DE-101)104256508</subfield>
      <subfield code="0">(DE-588)104256508</subfield>
      <subfield code="0">https://d-nb.info/gnd/104256508</subfield>
      <subfield code="a">Schönburg, Wolf &#152;von&#156;</subfield>
      <subfield code="d">1556-1612</subfield>
      <subfield code="4">bezf</subfield>
      <subfield code="4">https://d-nb.info/standards/elementset/gnd#familialRelationship</subfield>
      <subfield code="w">r</subfield>
      <subfield code="i">Beziehung familiaer</subfield>
      <subfield code="e">Beziehung familiaer</subfield>
      <subfield code="9">v:Vater</subfield>
    </datafield>
    <datafield tag="500" ind1="1" ind2=" ">
      <subfield code="0">(DE-101)139670459</subfield>
      <subfield code="0">(DE-588)139670459</subfield>
      <subfield code="0">https://d-nb.info/gnd/139670459</subfield>
      <subfield code="a">Schönburg, August Siegfried &#152;von&#156;</subfield>
      <subfield code="d">1596-1631</subfield>
      <subfield code="4">bezf</subfield>
      <subfield code="4">https://d-nb.info/standards/elementset/gnd#familialRelationship</subfield>
      <subfield code="w">r</subfield>
      <subfield code="i">Beziehung familiaer</subfield>
      <subfield code="e">Beziehung familiaer</subfield>
      <subfield code="9">v:Bruder</subfield>
    </datafield>
    <datafield tag="500" ind1="1" ind2=" ">
      <subfield code="0">(DE-101)1147710252</subfield>
      <subfield code="0">(DE-588)1147710252</subfield>
      <subfield code="0">https://d-nb.info/gnd/1147710252</subfield>
      <subfield code="a">Schönburg, Johann Caspar &#152;von&#156;</subfield>
      <subfield code="d">1594-1644</subfield>
      <subfield code="4">bezf</subfield>
      <subfield code="4">https://d-nb.info/standards/elementset/gnd#familialRelationship</subfield>
      <subfield code="w">r</subfield>
      <subfield code="i">Beziehung familiaer</subfield>
      <subfield code="e">Beziehung familiaer</subfield>
      <subfield code="9">v:Bruder</subfield>
    </datafield>
    <datafield tag="500" ind1="1" ind2=" ">
      <subfield code="0">(DE-101)104285192</subfield>
      <subfield code="0">(DE-588)104285192</subfield>
      <subfield code="0">https://d-nb.info/gnd/104285192</subfield>
      <subfield code="a">Schönburg, Wolf Heinrich &#152;von&#156;</subfield>
      <subfield code="d">1605-1657</subfield>
      <subfield code="4">bezf</subfield>
      <subfield code="4">https://d-nb.info/standards/elementset/gnd#familialRelationship</subfield>
      <subfield code="w">r</subfield>
      <subfield code="i">Beziehung familiaer</subfield>
      <subfield code="e">Beziehung familiaer</subfield>
      <subfield code="9">v:Bruder</subfield>
    </datafield>
    <datafield tag="548" ind1=" " ind2=" ">
      <subfield code="a">1587-1617</subfield>
      <subfield code="4">datl</subfield>
      <subfield code="4">https://d-nb.info/standards/elementset/gnd#dateOfBirthAndDeath</subfield>
      <subfield code="w">r</subfield>
      <subfield code="i">Lebensdaten</subfield>
    </datafield>
    <datafield tag="667" ind1=" " ind2=" ">
      <subfield code="a">3</subfield>
    </datafield>
    <datafield tag="667" ind1=" " ind2=" ">
      <subfield code="a">VD-17</subfield>
    </datafield>
    <datafield tag="667" ind1=" " ind2=" ">
      <subfield code="a">SAEBI</subfield>
      <subfield code="5">DE-14</subfield>
    </datafield>
    <datafield tag="672" ind1=" " ind2="0">
      <subfield code="a">Bergwercks Befreyhunge Der Wolgebohrnen Herren, Herrn Veitten, Herrn Hugen, Herrn Wolff-Ernsten, Herrn Johan Georgen und Herrn Otto Wilhelmen ... - 1616</subfield>
    </datafield>
    <datafield tag="913" ind1=" " ind2=" ">
      <subfield code="S">pnd</subfield>
      <subfield code="i">a</subfield>
      <subfield code="a">Schönburg, Otto Wilhelm /von</subfield>
      <subfield code="0">(DE-588a)102537798</subfield>
    </datafield>
  </record>
